@article{kleinberg2016inherent,
  title={Inherent trade-offs in the fair determination of risk scores},
  author={Kleinberg, Jon and Mullainathan, Sendhil and Raghavan, Manish},
  journal={arXiv preprint arXiv:1609.05807},
  year={2016}
}

@article{chouldechova2017fair,
  title={Fair prediction with disparate impact: A study of bias in recidivism prediction instruments},
  author={Chouldechova, Alexandra},
  journal={arXiv preprint arXiv:1703.00056},
  year={2017}
}

@inproceedings{hardt2016equality,
  title={Equality of opportunity in supervised learning},
  author={Hardt, Moritz and Price, Eric and Srebro, Nati and others},
  booktitle={Advances in Neural Information Processing Systems},
  pages={3315--3323},
  year={2016}
}